@article{Yang2021AImageNet,
    title = {{A Study of Face Obfuscation in ImageNet}},
    year = {2021},
    author = {Yang, Kaiyu and Yau, Jacqueline and Fei-Fei, Li and Deng, Jia and Russakovsky, Olga},
    url = {http://arxiv.org/abs/2103.06191},
    arxivId = {2103.06191}
}

@misc{ElectronicFrontierFoundation2021CoalitionCook,
    title = {{Coalition Letter to Apple CEO Tim Cook}},
    year = {2021},
    author = {{Electronic Frontier Foundation}},
    pages = {4},
    url = {https://www.eff.org/document/coalition-letter-apple-ceo-tim-cook}
}