@article{Yang2021AImageNet,
    title = {{A Study of Face Obfuscation in ImageNet}},
    year = {2021},
    author = {Yang, Kaiyu and Yau, Jacqueline and Fei-Fei, Li and Deng, Jia and Russakovsky, Olga},
    url = {http://arxiv.org/abs/2103.06191},
    arxivId = {2103.06191}
}

@misc{Zhang2017AdversarialGeneration,
    title = {{Adversarial Feature Matching for Text Generation}},
    year = {2017},
    author = {Zhang, Yizhe and Gan, Zhe and Fan, Kai and Chen, Zhi and Henao, Ricardo and Shen, Dinghan and Carin, Lawrence},
    month = {7},
    pages = {4006--4015},
    publisher = {PMLR},
    url = {https://proceedings.mlr.press/v70/zhang17b.html},
    issn = {2640-3498}
}

@misc{ElectronicFrontierFoundation2021CoalitionCook,
    title = {{Coalition Letter to Apple CEO Tim Cook}},
    year = {2021},
    author = {{Electronic Frontier Foundation}},
    pages = {4},
    url = {https://www.eff.org/document/coalition-letter-apple-ceo-tim-cook}
}

@article{Xie2017NeuralGuide,
    title = {{Neural Text Generation: A Practical Guide}},
    year = {2017},
    author = {Xie, Ziang},
    month = {11},
    url = {https://arxiv.org/abs/1711.09534v1},
    arxivId = {1711.09534}
}

@article{Sha2018Order-PlanningData,
    title = {{Order-Planning Neural Text Generation From Structured Data}},
    year = {2018},
    journal = {Thirty-Second AAAI Conference on Artificial Intelligence},
    author = {Sha, Lei and Mou, Lili and Liu, Tianyu and Poupart, Pascal and Li, Sujian and Chang, Baobao and Sui, Zhifang},
    month = {4},
    url = {https://www.aaai.org/ocs/index.php/AAAI/AAAI18/paper/view/16203},
    keywords = {neural network, order planning, text generation}
}

@misc{KarpathyTheNetworks,
    title = {{The Unreasonable Effectiveness of Recurrent Neural Networks}},
    author = {Karpathy, Andrej},
    url = {http://karpathy.github.io/2015/05/21/rnn-effectiveness/}
}